@article{hellerstein2007architecture,
  author       = {Hellerstein, Joseph M. and Stonebraker, Michael and Hamilton, James},
  title        = {Architecture of a Database System},
  journal      = {Foundations and Trends in Databases},
  year         = {2007},
  volume       = {1},
  number       = {2},
  pages        = {141--259},
  doi          = {10.1561/1900000002},
  langid       = {english},
}


@article{zaghloul2024correction,
  author = {Zaghloul M, Salem M, Ali-Eldin A},
  journal = {PLOS ONE},
  number = {1},
  title = {A new framework based on features modeling and ensemble learning to predict query performance},
  volume = {1},
  doi          = {10.1371/journal.pone.0300197},
  langid       = {english},
  year = {2021}
}


@article{zhang2021costeffective,
  author        = {Ning Zhang and Junichi Tatemura and Jignesh M. Patel},
  title         = {Towards Cost-Effective Storage Provisioning for DBMSs},
  journal       = {arXiv preprint},
  year          = {2012},
  eprint        = {1201.0226},
  archivePrefix = {arXiv},
  url           = {https://arxiv.org/abs/1201.0226}
}


@techreport{aws2023reducing,
  author = {Sundeep Sardana},
  institution = {AWS Database Blog},
  title = {Reducing Aurora PostgreSQL storage I/O costs},
  year = {2019}
}


@article{vershinin2023optimization,
  author    = {Вершинин, Е. В. and Сафин, П. Р.},
  title     = {Обзор методов оптимизации базы данных в СУБД PostgreSQL},
  journal   = {Наука, техника и образование},
  year      = {2023},
  number    = {3(43)},
  url       = {https://nto-journal.ru/catalog/informacionnye-texnologii/892/},
  language  = {russian}
}


@article{malykh2022migration,
  author    = {Малых, В. Л. and Калинин, А. Н.},
  title     = {Миграция с Oracle на PostgreSQL},
  journal   = {Программные системы: теория и приложения},
  year      = {2022},
  volume    = {13},
  number    = {4},
  doi       = {10.25209/2079-3316-2022-13-4-77-91},
  language  = {russian}
}

@article{morgunova2011journal,
  author    = {Моргунова, О. Н.},
  title     = {Организация журнала операций с базой данных в системе PostgreSQL},
  journal   = {Решетневские чтения},
  year      = {2011},
  url       = {https://cyberleninka.ru/article/n/organizatsiya-zhurnala-operatsiy-s-bazoy-dannyh-v-sisteme-postgresql},
  language  = {russian}
}

@article{fiskov2025wal,
  author    = {Фисков, А.},
  title     = {Внутренности PostgreSQL: журнал предзаписи (WAL)},
  journal   = {Записки программиста},
  year      = {2025},
  url       = {https://eax.me/postgresql-wal/},
  language  = {russian}
}

@article{kawada2014ntt,
  author    = {Kawada, A. and Nishimura, G. and Teramoto, J. and Fujita, E. and Yamamuro, T. and Wakamori, T.},
  title     = {PostgreSQL: a solution for reducing ICT system total cost},
  journal   = {NTT Technical Review},
  year      = {2014},
  volume    = {12},
  number    = {6},
  url       = {https://www.ntt-review.jp/archive/ntttechnical.php?contents=ntr201406fa6.html}
}

@article{ports2012ssi,
  author    = {Ports, D. R. K. and Grittner, K.},
  title     = {Serializable Snapshot Isolation in PostgreSQL},
  journal   = {Proceedings of the VLDB Endowment},
  year      = {2012},
  volume    = {5},
  number    = {12},
  url       = {https://arxiv.org/abs/1208.4179}
}

@article{villa2018gpu,
  author    = {Villa Real, L. C. and Silva, B.},
  title     = {Full Speed Ahead: Accelerating 3D Spatial Databases Using GPUs},
  journal   = {arXiv preprint},
  year      = {2018},
  eprint    = {1808.09571},
  archivePrefix = {arXiv},
  url       = {https://arxiv.org/abs/1808.09571}
}

@article{han2024nvme,
  author    = {Han, J. and Choi, Y.},
  title     = {Performance Characteristics of PostgreSQL and MariaDB on NVMeVirt},
  journal   = {arXiv preprint},
  year      = {2024},
  eprint    = {2411.10005},
  archivePrefix = {arXiv},
  url       = {https://arxiv.org/abs/2411.10005}
}


