@article{hellerstein2007architecture,
  author       = {Hellerstein, Joseph M. and Stonebraker, Michael and Hamilton, James},
  title        = {Architecture of a Database System},
  journal      = {Foundations and Trends in Databases},
  year         = {2007},
  volume       = {1},
  number       = {2},
  pages        = {141--259},
  doi          = {10.1561/1900000002},
  langid       = {english},
}


@article{zaghloul2024correction,
  author = {Zaghloul M, Salem M, Ali-Eldin A},
  journal = {PLOS ONE},
  number = {1},
  title = {A new framework based on features modeling and ensemble learning to predict query performance},
  volume = {1},
  doi          = {10.1371/journal.pone.0300197},
  langid       = {english},
  year = {2021}
}
